@article{LOI_toolkit,
title = {{Beam dynamics toolkit}},
author = {Sagan, David and huebl, Axel and Vay, Jean-Luc and Bruhwiler, David and Ryne, Robert and Ng, Cho and Lehe, Rémi},
journal = {Snowmass21 LOI},
year = 2020
%url = {http://blast.lbl.gov/BLASTcodes{\_}Impact.html}
}

@article{LOI_ecosystem,
title = {{A community ecosystem of toolkits for multiphysics particle accelerator modeling and design}},
author = {Vay, Jean-Luc and huebl, Axel and Sagan, David and Bruhwiler, David and Ryne, Robert and Ng, Cho and Lehe, Rémi},
journal = {Snowmass21 LOI},
year = 2020
%url = {http://blast.lbl.gov/BLASTcodes{\_}Impact.html}
}

@article{LOI_EVA,
title = {{EVA (End-to-end Virtual Accelerators)}},
author = {Vay, Jean-Luc and Sagan, David},
journal = {Snowmass21 LOI},
year = 2020
%url = {http://blast.lbl.gov/BLASTcodes{\_}Impact.html}
}

@article{LOI_standards,
title = {{Develop/integrate data standards and start-to-end workflows}},
author = {Huebl, Axel and Vay, Jean-Luc and Sagan, David},
journal = {Snowmass21 LOI},
year = 2020
%url = {http://blast.lbl.gov/BLASTcodes{\_}Impact.html}
}

@article{LOI_open,
title = {{Aspiration for Open Science (why and how; demystify misunderstandings) }},
author = {Huebl, Axel},
journal = {Snowmass21 LOI},
year = 2020
%url = {http://blast.lbl.gov/BLASTcodes{\_}Impact.html}
}

@article{LOI_ML,
title = {{Machine learning and surrogates models for simulation-based optimization of accelerator design}},
author = {Lehe, Rémi},
journal = {Snowmass21 LOI},
year = 2020
%url = {http://blast.lbl.gov/BLASTcodes{\_}Impact.html}
}

@article{LOI_industry,
title = {{Embracing modern software tools and user-friendly practices, when distributing scientific codes}},
author = {Lehe, Rémi},
journal = {Snowmass21 LOI},
year = 2020
%url = {http://blast.lbl.gov/BLASTcodes{\_}Impact.html}
}


@article{LOI_ABPRoadmap,
title = {{Accelerator and Beam Physics: Grand Challenges and Research Opportunities}},
author = {Nagaitsev, S. and Huang, Z. and Power J. and Vay, J.-L. and Piot, P. and Spentzouris, L. and Rosenzweig, J. and Cai, Y and Cousineau, S. and Conde, M. and Hogan, M. and Valishev, A. and Minty, M. and Zolkin, T. and Huang, X. and Shiltsev, V. and  Seeman, J. and Byrd, J. and Patterson, J.R.},
journal = {Snowmass21 LOI},
year = 2020
%url = {http://blast.lbl.gov/BLASTcodes{\_}Impact.html}
}

@article{LOI_Center,
title = {{Center(s) for Accelerator and \\Beam Physics Modeling}},
author = {Vay, Jean-Luc and Bruhwiler, David and Sagan, David and Huebl, Axel and Ng, Cho-Kuen and Qiang, Ji},
journal = {Snowmass21 LOI},
year = 2020
%url = {http://blast.lbl.gov/BLASTcodes{\_}Impact.html}
}

@misc{IDEAS,
  title = {{IDEAS: Interoperable Design of Extreme-scale Application Software}},
  url = {https://ideas-productivity.org}
}

@misc{xSDK,
  title = {{xSDK: Extreme-scale Scientific Software Development Kit}},
  url = {http://xsdk.info}
}

@misc{ECP,
  title = {{ECP: Exascale Computing Project}},
  url = {https://www.exascaleproject.org}
}

@misc{WarpX,
  title = {{WarpX}},
  url = {https://ecp-warpx.github.io}
}

@misc{Warp,
  title = {{Warp}},
  url = {http://warp.lbl.gov}
}

@misc{CAMPA,
  title = {{CAMPA: Consortium for Advanced Modeling of Particle Accelerators}},
  url = {http://campa.lbl.gov}
}

@article{LOI_ECool,
title = {{Electron Cooling Simulation Based on First Principles}},
author = {Zhang, He},
journal = {Snowmass21 LOI},
year = 2020
%url = {http://blast.lbl.gov/BLASTcodes{\_}Impact.html}
}

@article{LOI_Poisson,
title = {{A Parallel Poisson Solver Library for Accelerator Modeling Applications}},
author = {Qiang, Ji and Zhang, He},
journal = {Snowmass21 LOI},
year = 2020
%url = {http://blast.lbl.gov/BLASTcodes{\_}Impact.html}
}

@article{LOI_PlasmaAcc,
title = {{Plasma acceleration theory and simulation: status and needs}},
author = {Schroeder, C.~B. and Mori, W.~B. and Benedetti, C. and Esarey, E. and Huebl, A. and Lehe, R. and Vay, J.-L.},
journal = {Snowmass21 LOI},
year = 2020
%url = {http://blast.lbl.gov/BLASTcodes{\_}Impact.html}
}

